% This file was created with JabRef 2.10b2.
% Encoding: UTF-8

@book{FundamentosControl,
  Author  = "Marllelis, Gutiérrez and Sadi, Iturralde",
  Title   = "Fundamentos Básicos de Instrumentación y Control",
  Year  = "2017",
  Publisher = "Universidad Estatal Península de Santa Elena"
}

@online{BACnetProtocol,
 Author = "Newman, H.M",
 Title = "BACnet-The New Standard Protocol",
 Year = "1997",
 Url = "http://www.bacnet.org/Bibliography/EC-9-97/EC-9-97.html", 
 Addendum = "Revisado el 23.06.2020"
    }
    
@manual{MSTP,
 Author = "Johnson Controls",
 Title = "FX MS/TP Communications Bus Technical Bulletin",
 Year = "2019",
 Version = "LIT-12011670",
    }
    
@manual{N2,
 author = "Johnson Controls",
 title = "N2 Communications Bus",
 year = "1999",
 version = "LIT-636018",
    }

